<record><leader>00000cas a22000001a 4500</leader><controlfield tag="001">32235551</controlfield><controlfield tag="007">hd afb018baca</controlfield><controlfield tag="007">hd bfb018baaa</controlfield><controlfield tag="008">950401d19591990nyuwn nea     0    0eng d</controlfield><datafield ind1=" " ind2=" " tag="010"><subfield code="a">sn 94085577 </subfield></datafield><datafield ind1=" " ind2=" " tag="040"><subfield code="a">NN</subfield><subfield code="b">eng</subfield><subfield code="c">RQM</subfield><subfield code="d">MHN</subfield><subfield code="d">NSD</subfield><subfield code="d">OCLCQ</subfield><subfield code="d">OCLCO</subfield></datafield><datafield ind1=" " ind2=" " tag="012"><subfield code="i">9504</subfield></datafield><datafield ind1="1" ind2=" " tag="022"><subfield code="a">0043-809X</subfield><subfield code="l">0043-809X</subfield></datafield><datafield ind1=" " ind2=" " tag="037"><subfield code="b">WW Publishers, 46 W. 21st St., New York, NY 10010</subfield></datafield><datafield ind1="0" ind2=" " tag="041"><subfield code="a">engspa</subfield></datafield><datafield ind1=" " ind2=" " tag="042"><subfield code="a">msc</subfield></datafield><datafield ind1=" " ind2=" " tag="043"><subfield code="a">n-us---</subfield></datafield><datafield ind1=" " ind2=" " tag="090"><subfield code="a">JK2391.W92</subfield><subfield code="b">A12</subfield></datafield><datafield ind1=" " ind2="0" tag="222"><subfield code="a">Workers world</subfield></datafield><datafield ind1="0" ind2="0" tag="245"><subfield code="a">Workers world</subfield><subfield code="h">[microform].</subfield></datafield><datafield ind1="3" ind2="1" tag="246"><subfield code="a">Mundo obrero</subfield></datafield><datafield ind1=" " ind2=" " tag="260"><subfield code="a">New York :</subfield><subfield code="b">[s.n.]</subfield></datafield><datafield ind1=" " ind2=" " tag="300"><subfield code="a">v.</subfield></datafield><datafield ind1=" " ind2=" " tag="310"><subfield code="a">Weekly (except 1st week of Sept.),</subfield><subfield code="b">&lt;July 20, 1979-&gt;</subfield></datafield><datafield ind1=" " ind2=" " tag="321"><subfield code="a">Semimonthly,</subfield><subfield code="b">&lt;Apr. 26, 1963-Oct. 10, 1967&gt;</subfield></datafield><datafield ind1=" " ind2=" " tag="321"><subfield code="a">Biweekly,</subfield><subfield code="b">&lt;June 20, 1968&gt;-Oct. 4, 1974</subfield></datafield><datafield ind1=" " ind2=" " tag="321"><subfield code="a">Weekly (except 1st week of Aug. and Sept.),</subfield><subfield code="b">Oct. 18, 1974-&lt;June 29, 1979&gt;</subfield></datafield><datafield ind1="1" ind2=" " tag="362"><subfield code="a">Vol. 1, no. 1 (Mar. 1959)-v. 31 [i.e. 32], no. 13 (Mar. 29, 1990.</subfield></datafield><datafield ind1=" " ind2=" " tag="500"><subfield code="a">Published occasionally with parallel title: Mundo obrero, June 24, 1977-&lt;May 19, 1978&gt;</subfield></datafield><datafield ind1=" " ind2=" " tag="500"><subfield code="a">At head of title: "Black and white unite for a", &lt;Apr. 26, 1963-Oct. 16, 1970&gt;, and: "Workers and oppressed peoples of the world unite", &lt;Jan. 15, 1971-Sept. 1, 1983&gt;.</subfield></datafield><datafield ind1=" " ind2=" " tag="546"><subfield code="a">Occasionally published in English and Spanish, Jan. 19-Nov. 2, 1973, and: June 24, 1977-&lt;May 19, 1978&gt;.</subfield></datafield><datafield ind1=" " ind2=" " tag="550"><subfield code="a">Issued 19 - by Workers World Party.</subfield></datafield><datafield ind1=" " ind2=" " tag="533"><subfield code="a">Microfilm.</subfield><subfield code="m">v.4-10 (1962-1968):[Gaps]</subfield><subfield code="b">New York :</subfield><subfield code="c">New York Public Library,</subfield><subfield code="d">1967-1974.</subfield><subfield code="e">2 microfilm reels ; 35 mm.</subfield></datafield><datafield ind1="2" ind2="0" tag="610"><subfield code="a">Workers World Party.</subfield></datafield><datafield ind1=" " ind2="0" tag="650"><subfield code="a">Labor</subfield><subfield code="z">United States</subfield><subfield code="v">Newspapers.</subfield></datafield><datafield ind1=" " ind2="0" tag="650"><subfield code="a">Working class</subfield><subfield code="x">Political activity</subfield><subfield code="z">United States</subfield><subfield code="v">Periodicals.</subfield></datafield><datafield ind1="2" ind2=" " tag="710"><subfield code="a">Workers World Party.</subfield></datafield><datafield ind1=" " ind2=" " tag="752"><subfield code="a">United States</subfield><subfield code="b">New York</subfield><subfield code="c">New York</subfield><subfield code="d">New York.</subfield></datafield><datafield ind1="1" ind2=" " tag="776"><subfield code="c">Original</subfield><subfield code="w">(DLC)sn 78001839</subfield><subfield code="w">(OCoLC)3967813</subfield></datafield><datafield ind1="0" ind2="0" tag="785"><subfield code="t">Workers world WW</subfield><subfield code="x">1070-4205</subfield></datafield><datafield ind1=" " ind2=" " tag="850"><subfield code="a">NN</subfield><subfield code="a">NN (master)</subfield></datafield></record>